<record><leader>00000cas a22000007a 4500</leader><controlfield tag="001">10720368</controlfield><controlfield tag="008">840511d18691971scucr ne      0    0eng d</controlfield><datafield ind1=" " ind2=" " tag="010"><subfield code="a">sn 84027854 </subfield></datafield><datafield ind1=" " ind2=" " tag="040"><subfield code="a">NPU</subfield><subfield code="b">eng</subfield><subfield code="c">NPU</subfield><subfield code="d">DLC</subfield><subfield code="d">NPX</subfield><subfield code="d">SVN</subfield><subfield code="d">OCLCQ</subfield></datafield><datafield ind1=" " ind2=" " tag="042"><subfield code="a">msc</subfield></datafield><datafield ind1="0" ind2=" " tag="130"><subfield code="a">Chester reporter (Chester, S.C.)</subfield></datafield><datafield ind1="1" ind2="0" tag="245"><subfield code="a">Chester reporter.</subfield></datafield><datafield ind1=" " ind2=" " tag="260"><subfield code="a">Chester, S.C. :</subfield><subfield code="b">John A. Bradley, Jr.</subfield></datafield><datafield ind1=" " ind2=" " tag="300"><subfield code="a">v. ;</subfield><subfield code="c">71 cm.</subfield></datafield><datafield ind1=" " ind2=" " tag="310"><subfield code="a">Semiweekly,</subfield><subfield code="b">&lt;Aug. 26, 1909&gt; - Aug. 25, 1971</subfield></datafield><datafield ind1=" " ind2=" " tag="321"><subfield code="a">Weekly,</subfield><subfield code="b">1869-&lt;1909&gt;</subfield></datafield><datafield ind1="1" ind2=" " tag="362"><subfield code="a">Began in 1869.</subfield><subfield code="z">Cf. Gregory, W. Amer. newspapers.</subfield></datafield><datafield ind1="0" ind2=" " tag="362"><subfield code="a">-v. 102, no. 34 (Aug. 25, 1971).</subfield></datafield><datafield ind1=" " ind2=" " tag="500"><subfield code="a">Publishers: E.C. McLure, &lt;1873&gt;; Hardin &amp; Buchanan, &lt;1876&gt;.</subfield></datafield><datafield ind1=" " ind2=" " tag="588"><subfield code="a">Description based on: Vol. 2, no. 38 (Nov. 3, 1870).</subfield></datafield><datafield ind1=" " ind2="4" tag="651"><subfield code="a">Chester County (S.C.)</subfield><subfield code="v">Newspapers.</subfield></datafield><datafield ind1=" " ind2=" " tag="752"><subfield code="a">United States</subfield><subfield code="b">South Carolina</subfield><subfield code="c">Chester</subfield><subfield code="d">Chester.</subfield></datafield><datafield ind1="0" ind2="7" tag="785"><subfield code="t">Chester news (Chester, S.C.)</subfield><subfield code="w">(DLC)sn 86063781</subfield></datafield><datafield ind1="0" ind2="7" tag="785"><subfield code="t">News and reporter (Chester, S.C.)</subfield><subfield code="w">(DLC)sn 93067700</subfield></datafield><datafield ind1="1" ind2=" " tag="029"><subfield code="a">AU@</subfield><subfield code="b">000024685848</subfield></datafield></record>